<record><leader>00000cas a22000007a 4500</leader><controlfield tag="001">11945668</controlfield><controlfield tag="008">850422d18961897wiuwr ne      0    0eng d</controlfield><datafield ind1=" " ind2=" " tag="010"><subfield code="a">sn 85040419 </subfield></datafield><datafield ind1=" " ind2=" " tag="040"><subfield code="a">NPV</subfield><subfield code="b">eng</subfield><subfield code="c">NPV</subfield><subfield code="d">OCLCQ</subfield></datafield><datafield ind1="0" ind2=" " tag="041"><subfield code="a">eng</subfield><subfield code="a">ger</subfield></datafield><datafield ind1=" " ind2=" " tag="042"><subfield code="a">msc</subfield></datafield><datafield ind1="0" ind2="0" tag="245"><subfield code="a">Williams Bay observer.</subfield></datafield><datafield ind1="1" ind2="3" tag="246"><subfield code="a">Lake Geneva news</subfield></datafield><datafield ind1="3" ind2="0" tag="246"><subfield code="a">Observer</subfield></datafield><datafield ind1=" " ind2=" " tag="260"><subfield code="a">Williams Bay, Wis. :</subfield><subfield code="b">W.C. Dean,</subfield><subfield code="c">1896-1897.</subfield></datafield><datafield ind1=" " ind2=" " tag="300"><subfield code="a">volumes</subfield></datafield><datafield ind1=" " ind2=" " tag="310"><subfield code="a">Weekly</subfield></datafield><datafield ind1=" " ind2=" " tag="336"><subfield code="a">text</subfield><subfield code="b">txt</subfield><subfield code="2">rdacontent</subfield></datafield><datafield ind1=" " ind2=" " tag="337"><subfield code="a">unmediated</subfield><subfield code="b">n</subfield><subfield code="2">rdamedia</subfield></datafield><datafield ind1=" " ind2=" " tag="338"><subfield code="a">volume</subfield><subfield code="b">nc</subfield><subfield code="2">rdacarrier</subfield></datafield><datafield ind1="0" ind2=" " tag="362"><subfield code="a">Vol. 1, no. 1 (Mar. 19, 1896)-v. 2, no. 1 (Mar. 18, 1897).</subfield></datafield><datafield ind1=" " ind2=" " tag="500"><subfield code="a">Added publisher statement and title: Lake Geneva news, N.W. Smails, publisher and proprietor.</subfield></datafield><datafield ind1=" " ind2=" " tag="525"><subfield code="a">Supplements accompany some issues.</subfield></datafield><datafield ind1=" " ind2=" " tag="546"><subfield code="a">Some columns in German.</subfield></datafield><datafield ind1=" " ind2=" " tag="752"><subfield code="a">United States</subfield><subfield code="b">Wisconsin</subfield><subfield code="c">Walworth</subfield><subfield code="d">Williams Bay.</subfield></datafield><datafield ind1="0" ind2="0" tag="785"><subfield code="t">Observer (Williams Bay, Wis.)</subfield><subfield code="w">(DLC)sn 85040420</subfield></datafield></record>